@article{ghose2014examining,
  title     = {Examining the impact of ranking on consumer behavior and search engine revenue},
  author    = {Ghose, Anindya and Ipeirotis, Panagiotis G and Li, Beibei},
  journal   = {Management Science},
  volume    = {60},
  number    = {7},
  pages     = {1632--1654},
  year      = {2014},
  publisher = {INFORMS}
}