@misc{def-mass,
  author       = {Dictionary},
  title        = {The definition of mass},
  howpublished = {\url{https://www.dictionary.com/browse/mass}}
}

@misc{bipm-si,
  journal      = {BIPM},
  title        = {Draft of the ninth SI Brochure},
  year         = {2016},
  pages        = {2-9},
  howpublished = {\url{https://www.bipm.org/utils/common/pdf/si-brochure-draft-2016b.pdf}}
}

@article{mit-inertial-mass,
  journal = {MIT Technology Review},
  title   = {New Quantum Theory Separates Gravitational and Inertial Mass},
  volume  = {1},
  year    = {2010}
}
 
@article{von2017metrology,
  title     = {Metrology in 2019},
  author    = {Von Klitzing, Klaus},
  journal   = {Nature Physics},
  volume    = {13},
  number    = {2},
  pages     = {198},
  year      = {2017},
  publisher = {Nature Publishing Group}
}
 
@book{jain2009textbook,
  title     = {Textbook of Engineering Physics (Part I)},
  author    = {Jain, Mahesh C},
  publisher = {PHI Learning Private Limited, New Delhi},
  year      = {2009}
}
 
@book{hooke1964attempt,
  title     = {An Attempt to prove the Motion of the Earth from Observations},
  author    = {Hooke, Robert},
  number    = {1},
  year      = {1964},
  publisher = {TR}
}
 
@article{newton1961correspondence,
  title     = {The Correspondence of Isaac Newton},
  author    = {Newton, Isaac and Turnbull, Herbert Westren},
  volume    = {2},
  number    = {1676-1687},
  pages     = {297},
  publisher = {Cambridge University Press}
}